@ARTICLE{2021arXiv210901652W,
       author = {{Wei}, Jason and {Bosma}, Maarten and {Zhao}, Vincent Y. and {Guu}, Kelvin and {Yu}, Adams Wei and {Lester}, Brian and {Du}, Nan and {Dai}, Andrew M. and {Le}, Quoc V.},
        title = "{Finetuned Language Models Are Zero-Shot Learners}",
      journal = {arXiv e-prints},
     keywords = {Computer Science - Computation and Language},
         year = 2021,
        month = sep,
          eid = {arXiv:2109.01652},
        pages = {arXiv:2109.01652},
          doi = {10.48550/arXiv.2109.01652},
archivePrefix = {arXiv},
       eprint = {2109.01652},
 primaryClass = {cs.CL},
       adsurl = {https://ui.adsabs.harvard.edu/abs/2021arXiv210901652W},
      adsnote = {Provided by the SAO/NASA Astrophysics Data System}
}

@article{10.1145/3563212,
author = {Zhang, Yedi and Zhao, Zhe and Chen, Guangke and Song, Fu and Chen, Taolue},
title = {Precise Quantitative Analysis of Binarized Neural Networks: A BDD-based Approach},
year = {2023},
issue_date = {May 2023},
publisher = {Association for Computing Machinery},
address = {New York, NY, USA},
volume = {32},
number = {3},
issn = {1049-331X},
url = {https://doi.org/10.1145/3563212},
doi = {10.1145/3563212},
journal = {ACM Trans. Softw. Eng. Methodol.},
month = {apr},
articleno = {62},
numpages = {51},
keywords = {Binarized neural networks, binary decision diagrams, formal verification, robustness, interpretability}
}

@article{anger2005glimpse,
  title={A Glimpse of Answer Set Programming.},
  author={Anger, Christian and Konczak, Kathrin and Linke, Thomas and Schaub, Torsten},
  journal={K{\"u}nstliche Intell.},
  volume={19},
  number={1},
  pages={12},
  year={2005}
}

@inproceedings{lifschitz2008answer,
  title={What is answer set programming?},
  author={LIFSCHITZ, V},
  booktitle={Proc. 23rd AAAI Conf. on Artificial Intelligence, 2008},
  pages={1594--1597},
  year={2008}
}

@article{Hubara2016BinarizedNN,
  title={Binarized Neural Networks},
  author={Itay Hubara and Matthieu Courbariaux and Daniel Soudry and Ran El-Yaniv and Yoshua Bengio},
  journal={ArXiv},
  year={2016},
  volume={abs/1602.02505},
  url={https://api.semanticscholar.org/CorpusID:6453539}
}
